<record><leader>00000cas a22000007a 4500</leader><controlfield tag="001">19210921</controlfield><controlfield tag="008">890214c19719999paubr ne      0    0eng d</controlfield><datafield ind1=" " ind2=" " tag="010"><subfield code="a">sn 89077728 </subfield></datafield><datafield ind1=" " ind2=" " tag="040"><subfield code="a">NPH</subfield><subfield code="b">eng</subfield><subfield code="c">NPH</subfield><subfield code="d">OCLCQ</subfield></datafield><datafield ind1="0" ind2=" " tag="041"><subfield code="a">engheb</subfield></datafield><datafield ind1=" " ind2=" " tag="042"><subfield code="a">msc</subfield></datafield><datafield ind1="0" ind2=" " tag="130"><subfield code="a">Shalom (Reading, Pa.)</subfield></datafield><datafield ind1="1" ind2="0" tag="245"><subfield code="a">Shalom.</subfield></datafield><datafield ind1=" " ind2=" " tag="260"><subfield code="a">Reading, Pa. :</subfield><subfield code="b">Reading Jewish Community Council,</subfield><subfield code="c">1971-</subfield></datafield><datafield ind1=" " ind2=" " tag="300"><subfield code="a">v. :</subfield><subfield code="b">ill. ;</subfield><subfield code="c">38-44 cm.</subfield></datafield><datafield ind1=" " ind2=" " tag="310"><subfield code="a">Bimonthly</subfield></datafield><datafield ind1="0" ind2=" " tag="362"><subfield code="a">Vol. 1, no. 1 (Dec. 1971)-</subfield></datafield><datafield ind1=" " ind2=" " tag="500"><subfield code="a">"Journal of the Reading Jewish Community Center, " &lt;Dec. 1980&gt;.</subfield></datafield><datafield ind1=" " ind2=" " tag="546"><subfield code="a">In English with some columns in Hebrew.</subfield></datafield><datafield ind1=" " ind2=" " tag="752"><subfield code="a">United States</subfield><subfield code="b">Pennsylvania</subfield><subfield code="c">Berks</subfield><subfield code="d">Reading.</subfield></datafield></record>